[gd_scene load_steps=2 format=3 uid="uid://d2yro730m4y3p"]

[ext_resource type="Script" path="res://ui/top_panel.gd" id="1_chx06"]

[node name="TopPanel" type="Control"]
layout_mode = 3
anchors_preset = 15
anchor_right = 1.0
anchor_bottom = 1.0
grow_horizontal = 2
grow_vertical = 2
script = ExtResource("1_chx06")

[node name="HBoxContainer" type="HBoxContainer" parent="."]
layout_mode = 2
offset_bottom = 40.0
alignment = 1

[node name="EnergyContainer" type="HBoxContainer" parent="HBoxContainer"]
layout_mode = 2

[node name="Label" type="Label" parent="HBoxContainer/EnergyContainer"]
layout_mode = 2
text = "Energy"

[node name="EnergyValue" type="Label" parent="HBoxContainer/EnergyContainer"]
layout_mode = 2
text = "0"

[node name="SoilContainer" type="HBoxContainer" parent="HBoxContainer"]
layout_mode = 2

[node name="Label" type="Label" parent="HBoxContainer/SoilContainer"]
layout_mode = 2
text = "Soil"

[node name="SoilValue" type="Label" parent="HBoxContainer/SoilContainer"]
layout_mode = 2
text = "0"

[node name="MetalContainer" type="HBoxContainer" parent="HBoxContainer"]
layout_mode = 2

[node name="Label" type="Label" parent="HBoxContainer/MetalContainer"]
layout_mode = 2
text = "Metal"

[node name="MetalValue" type="Label" parent="HBoxContainer/MetalContainer"]
layout_mode = 2
text = "0"
